
@book{axler,
author = {Axler, Sheldon},
address = {Cham},
copyright = {Springer International Publishing 2015},
edition = {3rd ed. 2015},
isbn = {3319110799},
title = {Linear Algebra Done Right},
issn = {0172-6056},
keywords = {Linear and Multilinear Algebras, Matrix Theory ; Mathematics ; Mathematics and Statistics},
language = {eng},
publisher = {Springer International Publishing},
series = {Undergraduate Texts in Mathematics},
}

@article{frobenius,
author = {G. Frobenius},
title = {On linear substitutions and bilinear forms},
year = {1878},
}

@article{bromowich,
	Abstract = {THESE are Nos. 3, 4, and 5 of the Cambridge Tracts in Mathematics and Mathematical Physics, which are intended to help students by providing them with brief and readable introductions to mathematical theories which are important in themselves, and yet for various reasons do not appear in the ordinary text-books. If they serve their purpose they will induce their readers to follow up the paths they indicate, and try to explore still further the mazy garden of the mathematical muse.},
	Author = {M. , G.  B. },
	Da = {1907/07/01},
	Date-Added = {2022-10-18 16:02:48 +0000},
	Date-Modified = {2022-10-18 16:02:48 +0000},
	Doi = {10.1038/076245b0},
	Id = {M.1907},
	Isbn = {1476-4687},
	Journal = {Nature},
	Number = {1967},
	Pages = {245--246},
	Title = {Quadratic Forms and their Classification by Means of Invariant Factors The Axioms of Projective Geometry The Axioms of Descriptive Geometry},
	Ty = {JOUR},
	Url = {https://doi.org/10.1038/076245b0},
	Volume = {76},
	Year = {1907},
	Bdsk-Url-1 = {https://doi.org/10.1038/076245b0},
	Bdsk-Url-2 = {http://dx.doi.org/10.1038/076245b0}}



 @article{history, title={Matrices and determinants}, url={https://mathshistory.st-andrews.ac.uk/HistTopics/Matrices_and_determinants/}, journal={Maths History}, author={O'Connor, J J and Robertson, E F}} 