@book{boyd_vandenberghe_2004, place={Cambridge}, title={Convex Optimization}, DOI={10.1017/CBO9780511804441}, publisher={Cambridge University Press}, author={Boyd, Stephen and Vandenberghe, Lieven}, year={2004}} 

@ARTICLE{mercy,  author={Mercy, Tim and Van Parys, Ruben and Pipeleers, Goele},  journal={IEEE Transactions on Control Systems Technology},   title={Spline-Based Motion Planning for Autonomous Guided Vehicles in a Dynamic Environment},   year={2018},  volume={26},  number={6},  pages={2182-2189},  doi={10.1109/TCST.2017.2739706}}

@article{roman,
author = {Dwilewicz, Roman},
year = {2009},
month = {01},
pages = {},
title = {Differential Geometry--Dynamical Systems - A short history of Convexity},
volume = {11},
pages={112-129}
}

@misc{linietsky_manzur, 
title={Advanced vector math}, 
url={https://docs.godotengine.org/en/stable/tutorials/math/vectors_advanced.html#collision-detection-in-3d}, 
journal={Godot Engine}, 
author={Linietsky, Juan and Manzur , Ariel}
} 

@book{bertsekas2009convex,
  title={Convex Optimization Theory},
  author={Bertsekas, D.},
  isbn={9781886529311},
  series={Athena Scientific optimization and computation series},
  url={https://books.google.com/books?id=0H1iQwAACAAJ},
  year={2009},
  publisher={Athena Scientific}
}

@article{nimark,
title = {The Projection Theorem},
author = {Kristoffer P. Nimark},
year = {2012},
month = {04}
}